<record xmlns="http://www.loc.gov/MARC21/slim">
   <leader>02303cam a2200409 a 4500</leader>
   <controlfield tag="001">1372172</controlfield>
   <controlfield tag="008">910425s1985    dcuab    b   f  1 0 eng d</controlfield>
   <datafield ind1=" " ind2=" " tag="010">
      <subfield code="a">   85040192 //r86</subfield>
   </datafield>
   <datafield ind1=" " ind2=" " tag="020">
      <subfield code="a">0874749468 (alk. paper)</subfield>
      <subfield code="z">087474945X (pbk.)</subfield>
   </datafield>
   <datafield ind1=" " ind2=" " tag="035">
      <subfield code="a">ocm12133535</subfield>
   </datafield>
   <datafield ind1=" " ind2=" " tag="040">
      <subfield code="a">DLC</subfield>
      <subfield code="b">eng</subfield>
      <subfield code="c">DLC</subfield>
   </datafield>
   <datafield ind1=" " ind2=" " tag="043">
      <subfield code="a">p------</subfield>
      <subfield code="a">t------</subfield>
   </datafield>
   <datafield ind1=" " ind2=" " tag="049">
      <subfield code="a">AEU</subfield>
      <subfield code="b">eng</subfield>
   </datafield>
   <datafield ind1="0" ind2="0" tag="050">
      <subfield code="a">G420.U55</subfield>
      <subfield code="b">M34 1985</subfield>
   </datafield>
   <datafield ind1=" " ind2=" " tag="080">
      <subfield code="a">91(08):(*7)[1838 WILKES] MAGVOY</subfield>
   </datafield>
   <datafield ind1="0" ind2=" " tag="082">
      <subfield code="a">973.5/7</subfield>
      <subfield code="2">19</subfield>
   </datafield>
   <datafield ind1=" " ind2=" " tag="090">
      <subfield code="a">G 420 W68 M197 1985</subfield>
      <subfield code="b">AEU</subfield>
   </datafield>
   <datafield ind1="0" ind2="0" tag="245">
      <subfield code="a">Magnificent voyagers :</subfield>
      <subfield code="b">the U.S. exploring expedition, 1838-1842 /</subfield>
      <subfield code="c">Herman J. Viola and Carolyn Margolis, editors ; with the assistance of Jan S. Danis and Sharon D. Galperin.</subfield>
   </datafield>
   <datafield ind1=" " ind2=" " tag="260">
      <subfield code="a">Washington, D.C. :</subfield>
      <subfield code="b">Smithsonian Institution Press,</subfield>
      <subfield code="c">1985.</subfield>
   </datafield>
   <datafield ind1=" " ind2=" " tag="300">
      <subfield code="a">303 p. :</subfield>
      <subfield code="b">ill. (some col.), maps ;</subfield>
      <subfield code="c">29 cm.</subfield>
   </datafield>
   <datafield ind1=" " ind2=" " tag="336">
      <subfield code="a">text</subfield>
      <subfield code="b">txt</subfield>
      <subfield code="2">rdacontent</subfield>
   </datafield>
   <datafield ind1=" " ind2=" " tag="337">
      <subfield code="a">unmediated</subfield>
      <subfield code="b">n</subfield>
      <subfield code="2">rdamedia</subfield>
   </datafield>
   <datafield ind1=" " ind2=" " tag="338">
      <subfield code="a">volume</subfield>
      <subfield code="b">nc</subfield>
      <subfield code="2">rdacarrier</subfield>
   </datafield>
   <datafield ind1=" " ind2=" " tag="500">
      <subfield code="a">Maps on lining papers.</subfield>
   </datafield>
   <datafield ind1=" " ind2=" " tag="500">
      <subfield code="a">Includes index.</subfield>
   </datafield>
   <datafield ind1=" " ind2=" " tag="504">
      <subfield code="a">Bibliography: p. 271-285.</subfield>
   </datafield>
   <datafield ind1=" " ind2=" " tag="520">
      <subfield code="a">Account of the activities, chronology, mapping and botanical and zoological collections of the United States Exploring Expedition of 1838-1842, which mapped 1500 miles of the Antarctic coast and proved that the continent exists. Published in connection with the exhibition 'Magnificent Voyagers' organized by the National Museum of Natural History and circulated by the Smithsonian Institution, Washington, D.C.</subfield>
   </datafield>
   <datafield ind1=" " ind2=" " tag="590">
      <subfield code="a">University of Alberta copy in the Bryan-Gruhn collection.</subfield>
      <subfield code="5">CaAEU</subfield>
   </datafield>
   <datafield ind1=" " ind2=" " tag="590">
      <subfield code="a">University of Alberta copy in the Sarjeant History of Science Collection.</subfield>
      <subfield code="5">CaAEU</subfield>
   </datafield>
   <datafield ind1=" " ind2=" " tag="596">
      <subfield code="a">38 48</subfield>
   </datafield>
   <datafield ind1="2" ind2="0" tag="611">
      <subfield code="a">United States Exploring Expedition</subfield>
      <subfield code="d">(1838-1842)</subfield>
   </datafield>
   <datafield ind1="1" ind2=" " tag="700">
      <subfield code="a">Viola, Herman J.</subfield>
   </datafield>
   <datafield ind1="1" ind2=" " tag="700">
      <subfield code="a">Margolis, Carolyn.</subfield>
   </datafield>
   <datafield ind1=" " ind2=" " tag="926">
      <subfield code="a">G 420 W68 M197 1985</subfield>
      <subfield code="w">LC</subfield>
      <subfield code="c">1</subfield>
      <subfield code="i">000036628105</subfield>
      <subfield code="d">2/10/2016</subfield>
      <subfield code="e">1/27/2016</subfield>
      <subfield code="l">POLAR</subfield>
      <subfield code="m">UASCITECH</subfield>
      <subfield code="n">7</subfield>
      <subfield code="p">$150.00</subfield>
      <subfield code="r">Y</subfield>
      <subfield code="s">Y</subfield>
      <subfield code="t">BOOK</subfield>
      <subfield code="u">6/3/1991</subfield>
   </datafield>
   <datafield ind1=" " ind2=" " tag="926">
      <subfield code="a">G 420 W68 M197 1985</subfield>
      <subfield code="w">LC</subfield>
      <subfield code="c">2</subfield>
      <subfield code="i">0162003828777</subfield>
      <subfield code="d">5/27/1999</subfield>
      <subfield code="l">ON_SHELF</subfield>
      <subfield code="m">UABARD</subfield>
      <subfield code="n">2</subfield>
      <subfield code="p">$150.00</subfield>
      <subfield code="r">Y</subfield>
      <subfield code="s">Y</subfield>
      <subfield code="t">BOOK</subfield>
      <subfield code="u">10/19/1995</subfield>
      <subfield code="o">.STAFF.  BB0000025</subfield>
   </datafield>
   <datafield ind1=" " ind2=" " tag="926">
      <subfield code="a">G 420 W68 M197 1985</subfield>
      <subfield code="w">LC</subfield>
      <subfield code="c">3</subfield>
      <subfield code="i">0162004207369</subfield>
      <subfield code="l">ON_SHELF</subfield>
      <subfield code="m">UABARD</subfield>
      <subfield code="p">$150.00</subfield>
      <subfield code="r">Y</subfield>
      <subfield code="s">Y</subfield>
      <subfield code="t">BOOK</subfield>
      <subfield code="u">2/20/1996</subfield>
      <subfield code="o">.STAFF.  BB0000117</subfield>
   </datafield>
   <datafield ind1=" " ind2=" " tag="926">
      <subfield code="a">G 420 W68 M197 1985</subfield>
      <subfield code="w">LC</subfield>
      <subfield code="c">4</subfield>
      <subfield code="i">0162009445246</subfield>
      <subfield code="l">ON_SHELF</subfield>
      <subfield code="m">UABARD</subfield>
      <subfield code="p">$150.00</subfield>
      <subfield code="r">Y</subfield>
      <subfield code="s">Y</subfield>
      <subfield code="t">BOOK</subfield>
      <subfield code="u">5/21/1999</subfield>
      <subfield code="o">.STAFF. B0035222</subfield>
   </datafield>
</record>
